
@book{fr2_jiang20226g,
  title={{6G Key Technologies: A Comprehensive Guide}},
  author={Jiang, Wei and Luo, Fa-Long},
  year={2022},
  month={Dec.},
  publisher={Wiley}
}


@article{fr2_tan2022thz,
  title={{THz precoding for 6G Challenges, solutions, and opportunities}},
  author={Tan, Jingbo and Dai, Linglong},
  journal=IEEE_M_WC,
  month={May},
  year={2022},
    volume={30}, number={4},
  publisher={IEEE}
}

@inproceedings{yong_ris_10400253,
  title={{Near-Field Channel Estimation for RIS Assisted 6G Wireless Communication}},
  author={Jin, Yong and Qi, Hao},
  booktitle={Proc. IEEE Int. Conf. Signal Process. Commun. Comput. {(ICSPCC)}},
  pages={1--6},
  year={2023}, month={Apr.}
}



@misc{cao2024unified,
  title={{Unified Near-field and Far-field Localization with Holographic MIMO}},
  author={Cao, Mengyuan and Zhang, Haobo and Di, Boya and Zhang, Hongliang},
  journal={arXiv preprint arXiv:2401.06334},
  year={2024}, month={Jan.},
note={{Available at} : \url{https://arxiv.org/abs/2401.06334}}
}
